<record xmlns="http://www.loc.gov/MARC21/slim">
  <leader>00770cam a2200241 | 4500</leader>
  <controlfield tag="001">97980</controlfield>
  <controlfield tag="008">091176s1975    wb                  ger  </controlfield>
  <datafield tag="020" ind1=" " ind2=" ">
    <subfield code="a">3803120020</subfield>
  </datafield>
  <datafield tag="035" ind1=" " ind2=" ">
    <subfield code="a">ocm01571995</subfield>
  </datafield>
  <datafield tag="039" ind1="0" ind2=" ">
    <subfield code="a">0150152B</subfield>
    <subfield code="f">AA</subfield>
  </datafield>
  <datafield tag="040" ind1=" " ind2=" ">
    <subfield code="b">eng</subfield>
  </datafield>
  <datafield tag="049" ind1=" " ind2=" ">
    <subfield code="a">aeu</subfield>
    <subfield code="b">eng</subfield>
  </datafield>
  <datafield tag="050" ind1="0" ind2=" ">
    <subfield code="a">PT 1110 F38</subfield>
    <subfield code="b">F26 1975</subfield>
  </datafield>
  <datafield tag="090" ind1="0" ind2="0">
    <subfield code="a">PT 1110 F38 F26 1975</subfield>
    <subfield code="b">NO</subfield>
  </datafield>
  <datafield tag="245" ind1="0" ind2="0">
    <subfield code="a">Faust, ein deutscher Mann; </subfield>
    <subfield code="b">die Geburt einer Legende und ihr Fortleben in den Köpfen.  Lesebuch </subfield>
    <subfield code="c">von Klaus Völker.</subfield>
  </datafield>
  <datafield tag="260" ind1="0" ind2=" ">
    <subfield code="a">Berlin, </subfield>
    <subfield code="b">K. Wagnebach, </subfield>
    <subfield code="c">1975.</subfield>
  </datafield>
  <datafield tag="300" ind1=" " ind2=" ">
    <subfield code="a">190 p.  </subfield>
    <subfield code="b">ill.  </subfield>
    <subfield code="c">18 cm.</subfield>
  </datafield>
  <datafield tag="440" ind1=" " ind2="0">
    <subfield code="a">Wagenbachs Taschenbücherei.</subfield>
    <subfield code="v">3</subfield>
  </datafield>
  <datafield tag="596" ind1=" " ind2=" ">
    <subfield code="a">38</subfield>
  </datafield>
  <datafield tag="600" ind1="0" ind2="0">
    <subfield code="a">Faust,</subfield>
    <subfield code="d">d. ca. 1540.</subfield>
  </datafield>
  <datafield tag="650" ind1=" " ind2="0">
    <subfield code="a">German literature</subfield>
  </datafield>
  <datafield tag="700" ind1="1" ind2=" ">
    <subfield code="a">Völker, Klaus,</subfield>
    <subfield code="d">1938-</subfield>
  </datafield>
  <datafield tag="926" ind1=" " ind2=" ">
    <subfield code="a">UABARD</subfield>
    <subfield code="b">ON_SHELF</subfield>
    <subfield code="c">PT 1110 F38 F26 1975</subfield>
    <subfield code="d">BOOK</subfield>
    <subfield code="f">1</subfield>
  </datafield>
</record>
